@Preamble {
        {\hyphenation{Post-Script}}
}

@String{ICMA = {International Computer Music Association}}
@String{CMJ = {Computer Music Journal}}
@String{ProcICMC = {Proceedings of the International Computer Music Conference}}

@Article{Dhomont95,
  author =       {Francis Dhomont},
  title =        {Acousmatic Update},
  journal =      {Contact!},
  year =         1995,
  volume =       8,
  number =       2
}

@Book{Schaeffer52,
  author =       {Pierre Schaeffer},
  title =        {\`A la Recherche d'une Musique Concr\`ete},
  publisher =    {Seuil},
  year =         1952,
  address =      {Paris}
}

@Article{Schaeffer50,
  author =       {Pierre Schaeffer},
  title =        {Introduction \`a la Musique Concr\`ete},
  journal =      {La Musique M\'ecanis\'ee: Polyphonie},
  year =         1950,
  volume =       6,
  pages =        {30--52}
}

@Book{Schafer77,
  author =       {R. Murray Schafer},
  title =        {The Tuning of the World},
  publisher =    {Knopf},
  year =         1977,
  address =      {New York}
}

@Article{Truax02,
  author =       {Barry Truax},
  title =        {Genres and Techniques of Soundscape Composition as Developed at {Simon Fraser University}},
  journal =      {Organised Sound},
  year =         2002,
  volume =       7,
  number =       1,
  pages =        {5--14}
}

@InProceedings{Rudy04,
  author =       {Paul Rudy},
  title =        {Spectromorphology Hits Hollywood: Black Hawk Down--A Case Study},
  pages =        {658--663},
  booktitle =    ProcICMC,
  year =         2004,
  organization = ICMA
}

@Book{Serra89,
  author =       {Xavier Serra},
  title =        {A System for Sound Analysis/ Transformation/ Synthesis based on a Deterministic plus Stochastic Decomposition},
  year =         1989,
  address =      {PhD thesis, Stanford University}
}

@Article{Truax90,
  author =       {Barry Truax},
  title =        {Composing with Real-Time Granular Sound},
  journal =      {Perspectives of New Music},
  year =         1990,
  volume =       28,
  number =       2
}

@Book{Roads02,
  author =       {Curtis Roads},
  title =        {Microsound},
  publisher =    {MIT Press},
  year =         2002,
  address =      {Cambridge}
}

@Article{Dubnov02,
  author =       {Shlomo Dubnov and Ziv Bar-Joseph and Ran El-Yaniv and Dani Lischinski and Michael Werman},
  title =        {Synthesizing Sound Textures through Wavelet Tree Learning},
  journal =      {IEEE Computer Graphics and Applications},
  year =         2002,
  volume =       22,
  number =       4
}

@InProceedings{Ellis94,
  author =       {Daniel P. W. Ellis},
  title =        {A Computer Implementation of Psychoacoustic Grouping Rules},
  booktitle =    {Proceedings of the 12th International Conference on Pattern Recognition},
  year =         1994
}

@InProceedings{Melih00,
  author =       {Kathy Melih and Ruben Gonzalez},
  title =        {Source Segmentation for Structured Audio},
  pages =        {811--814},
  booktitle =    {IEEE International Conference on Multimedia and Expo (II)},
  year =         2000
}

@InProceedings{Verma98,
  author =       {Tony S. Verma and Teresa H. Meng},
  title =        {An Analysis/Synthesis Tool for Transient Signals that Allows a Flexible Sines+Transients+Noise Model for Audio},
  pages =        {12--15},
  booktitle =    {Proceedings of 1998 IEEE International Conference on Acoustics, Speech, and Signal Processing},
  year =         1998
}

@Article{Bello05,
  author =       {Juan Pablo Bello and Laurent Daudet and Samer Abdallah and Chris Duxbury and Mike Davies and Mark B. Sandler},
  title =        {A Tutorial on Onset Detection in Music Signals},
  journal =      {IEEE Transactions on Speech and Audio Processing},
  year =         2005,
  volume =       13,
  number =       5
}

@Article{Dolson86,
  author =       {Mark B. Dolson},
  title =        {The Phase Vocoder: A Tutorial},
  journal =      CMJ,
  year =         1986,
  volume =       10,
  number =       4,
  pages =        {14--27}
}

@InProceedings{Wang03,
  author =       {Ge Wang and Perry R. Cook},
  title =        {{ChucK}: A Concurrent, On-the-Fly, Audio Programming Language},
  pages =        {219--226},
  booktitle =    ProcICMC,
  year =         2003,
  organization = ICMA
}

@InProceedings{Cook99,
  author =       {Perry R. Cook and Gary P. Scavone},
  title =        {{The Synthesis ToolKit (STK)}},
  booktitle =    ProcICMC,
  year =         1999,
  organization = ICMA
}

