@inproceedings{Tsingos04,
  author = "Nicolas Tsingos and Emmanuel Gallo and George Drettakis",
  title = "Perceptual Audio Rendering of Complex Virtual Environments",
  booktitle = "Proceedings of ACM SIGGRAPH 2004",
  pages = "249--258",
  year = 2004
}

@inproceedings{Dobashi03,
  author = "Yoshinori Dobashi and Tsuyoshi Yamamoto and Tomoyuki Nishita",
  title = "Real-time Rendering of Aerodynamic Sound using Sound Textures based on Computational Fluid Dynamics",
  booktitle = "Proceedings of ACM SIGGRAPH 2003",
  pages = "732--740",
  year = 2003
}

@inproceedings{Funkhouser04,
  author = "Thomas Funkhouser and Michael Kazhdan and Philip Shilane and Patrick Min and William Kiefer and Ayellet Tal and Szymon Rusinkiewicz and David Dobkin ",
  title = "Modeling by Examples",
  booktitle = "Proceedings of ACM SIGGRAPH 2004",
  year = 2003
}

@inproceedings{Takala92,
  author = "Tapio Takala and James Hahn",
  title = "Sound Rendering",
  booktitle = "Proceedings of ACM SIGGRAPH 1992",
  pages = "211--220",
  year = 1992
}

@misc{Qi02,
  author = {Yuan Qi and Thomas P. Minka and Rosalind W. Picard},
  title = {Bayesian Spectrum Estimation of Unevenly Sampled Nonstationary Data},
  howpublished = {MIT Media Lab Technical Report Vismod-TR-556},
  month = {October},
  year = {2002}
}

@inproceedings{Cook02,
  author = "Perry R. Cook",
  title = "Modeling BILL'S GAIT: Analysis and Parametric Synthesis of Walking Sounds",
  booktitle = "Proceedings of Audio Engineer Society 22nd Conference on Virtual, Synthetic and Entertainment Audio",
  year = 2002
}

@inproceedings{Athineos03,
  author = "Marios Athineos and Daniel P.W. Ellis",
  title = "SOUND TEXTURE MODELLING WITH LINEAR PREDICTION IN BOTH TIME AND FREQUENCY DOMAINS",
  booktitle = "Proceedings of 2003 IEEE International Conference on Acoustics, Speech, and Signal Processing",
  year = 2003
}

@inproceedings{Zhu04,
  author = "Xinglei Zhu and Lonce Wyse",
  title = "SOUND TEXTURE MODELING AND TIME-FREQUENCY LPC",
  booktitle = "Proceedings of 7th International Conference on Digital Audio Effects",
  year = 2004
}

@article{Doel04,
  author = "Kees van den Doel and Dave Knott and Dinesh K. Pai",
  title = "Interactive Simulation of Complex Audio-Visual Scenes",
  journal = "Presence: Teleoperators and Virtual Environments",
  volume = 13,
  number = 1,
  publisher = "MIT Press",
  year = 2004
}

@inproceedings{Thornburg03,
  author = "Harvey D. Thornburg and Randal J. Leistikow",
  title = "ANALYSIS AND RESYNTHESIS OF QUASI-HARMONIC SOUNDS: AN ITERATIVE FILTERBANK APPROACH",
  booktitle = "Proceedings of 6th International Conference on Digital Audio Effects",
  year = 2003
}

@inproceedings{Doel01,
  author = "Kees van den Doel and Paul G. Kry and Dinesh K. Pai",
  title = "FOLEYAUTOMATIC: Physically-based Sound Effects for Interactive Simulation and Animation",
  booktitle = "Proceedings of ACM SIGGRAPH 2001",
  year = 2001
}

@inproceedings{Cardle03,
  author = "Marc Cardle and Stephen Brooks and Ziv Bar-Joseph and Peter Robinson",
  title = "Sound-by-Numbers: Motion-Driven Sound Synthesis",
  booktitle = "Proceedings of 2003 Eurographics/SIGGRAPH Symposium on Computer Animation",
  year = 2003
}

@inproceedings{Miner97,
  author = "Nadine E. Miner and Thomas P. Caudell",
  title = "Using Wavelets to Synthesize Stochastic-based Sounds for Immersive Virtual Environments",
  booktitle = "Proceedings of 1997 International Conference on Auditory Display",
  year = 1997
}

@article{Rocchesso03,
  author = "Davide Rocchesso and Roberto Bresin and Mikael Fernström",
  title = "Sounding Objects",
  journal = "IEEE Multimedia",
  volume = 10,
  number = 2,
  publisher = "IEEE Computer Society Press",
  year = 2003
}

@article{Dubnov02,
  author = "Shlomo Dubnov and Ziv Bar-Joseph and Ran El-Yaniv and Dani Lischinski and Michael Werman",
  title = "Synthesizing Sound Textures through Wavelet Tree Learning",
  journal = "IEEE Computer Graphics and Applications",
  volume = 22,
  number = 4,
  publisher = "IEEE Computer Society Press",
  year = 2002
}

@inproceedings{Kalnins01,
  author = "Robert D. Kalnins and Lee Markosian and Barbara J. Meier and Michael A. Kowalski and Joseph C. Lee and Philip L. Davidson and Matthew Webb and John F. Hughes and Adam Finkelstein",
  title = "WYSIWYG NPR: Drawing Strokes Directly on 3D Models",
  booktitle = "Proceedings of ACM SIGGRAPH 2002",
  year = 2002
}

@book{CookBook,
  author = "Perry R. Cook",
  title = "Real Sound Synthesis for Interactive Applications",
  year = 2002,
  publisher = "A. K. Peters"
}

@phdthesis{Serra89,
  author = "Xavier Serra",
  title = "A System for Sound Analysis / Transformation / Synthesis based on a Deterministic plus Stochastic Decomposition",
  school = "Stanford University",
  year = 1989
}

@article{Bello05,
  author = "Juan Pablo Bello and Laurent Daudet and Samer Abdallah and Chris Duxbury and Mike Davies and Mark B. Sandler",
  title = "A Tutorial on Onset Detection in Music Signals",
  journal = "IEEE Transactions on Speech and Audio Processing",
  volume = 13,
  number = 5,
  year = 2005
}

