@inproceedings{Tsingos04,
  author = "Nicolas Tsingos and Emmanuel Gallo and George Drettakis",
  title = "{Perceptual Audio Rendering of Complex Virtual Environments}",
  booktitle = "{Proc. ACM SIGGRAPH 2004}",
  address = "Los Angeles, USA",
  pages = "249--258",
  year = 2004
}

@inproceedings{Dobashi03,
  author = "Yoshinori Dobashi and Tsuyoshi Yamamoto and Tomoyuki Nishita",
  title = "{Real-time Rendering of Aerodynamic Sound using Sound Textures based on Computational Fluid Dynamics}",
  booktitle = "{Proc. ACM SIGGRAPH 2003}",
  address = "San Diego, USA",
  pages = "732--740",
  year = 2003
}

@inproceedings{OBrien01,
  author = "James O'Brien and Perry Cook and Georg Essl",
  title = "{Synthesizing Sounds from Physically Based Motion}",
  booktitle = "{Proc. ACM SIGGRAPH 2001}",
  address = "Los Angeles, USA",
  year = 2001
}

@inproceedings{Takala92,
  author = "Tapio Takala and James Hahn",
  title = "{Sound Rendering}",
  booktitle = "{Proc. ACM SIGGRAPH 1992}",
  pages = "211--220",
  year = 1992
}

@misc{Qi02,
  author = {Yuan Qi and Thomas P. Minka and Rosalind W. Picard},
  title = {Bayesian Spectrum Estimation of Unevenly Sampled Nonstationary Data},
  howpublished = {MIT Media Lab Technical Report Vismod-TR-556},
  month = {October},
  year = {2002}
}

@inproceedings{Cook02,
  author = "Perry R. Cook",
  title = "{Modeling BILL'S GAIT: Analysis and Parametric Synthesis of Walking Sounds}",
  booktitle = "{Proc. Audio Engineer Society 22nd Conference on Virtual, Synthetic and Entertainment Audio}",
  year = 2002
}

@inproceedings{Athineos03,
  author = "Marios Athineos and Daniel P.W. Ellis",
  title = "{Sound Texture Modelling with Linear Prediction in Both Time and Frequency Domains}", 
  booktitle = "{Proc. IEEE International Conference on Acoustics, Speech, and Signal Processing (ICASSP-03)}",
  year = 2003  
}

@inproceedings{Klingbeil05,
  author = "Michael Klingbeil",
  title = "{Software for Spectral Analysis, Editing, and Synthesis}",
  booktitle = "{Proc. International Computer Music Conference (ICMC-05)}",
  pages = "107--110",
  year = 2005
}

@inproceedings{Amatriain05,
  author = "Xavier Amatriain and P. Arumi",
  title = "{Developing Cross-platform Audio and Music Applications with the CLAM Framework}",
  booktitle = "{Proc. International Computer Music Conference (ICMC-05)}",
  year = 2005
}

@inproceedings{Zhu04,
  author = "Xinglei Zhu and Lonce Wyse",
  title = "{Sound Texture Modeling and Time-Frequency LPC}",
  booktitle = "{Proc. 7th International Conference on Digital Audio Effects (DAFx-04)}",
  address = "Naples, Italy",
  year = 2004
}

@article{Doel04,
  author = "Kees van den Doel and Dave Knott and Dinesh K. Pai",
  title = "{Interactive Simulation of Complex Audio-Visual Scenes}",
  journal = "Presence: Teleoperators and Virtual Environments",
  volume = 13,
  number = 1,
  publisher = "MIT Press",
  year = 2004
}

@article{Dolson86,
  author = "Mark B. Dolson",
  title = "{The phase vocoder: A tutorial}",
  journal = "Computer Music Journal",
  volume = 10,
  number = 4,
  pages = "14--27",
  year = 1986
}

@article{McAulay86,
  author = "Robert J. McAulay and Thomas F. Quatieri",
  title = "{Speech Analysis/Synthesis Based on a Sinusoidal Representation}",
  journal = "IEEE Transactions on Acoustics, Speech, and Signal Processing",
  volume = 34,
  number = 4,
  year = 1986
}

@inproceedings{Thornburg03,
  author = "Harvey D. Thornburg and Randal J. Leistikow",
  title = "{Analysis and Resynthesis of Quasi-Harmonic Sounds: An Iterative Filterbank Approach}",
  booktitle = "{Proc. 6th International Conference on Digital Audio Effects (DAFx-03)}",
  address = "London, UK",
  year = 2003
}

@inproceedings{Doel01,
  author = "Kees van den Doel and Paul G. Kry and Dinesh K. Pai",
  title = "{FOLEYAUTOMATIC: Physically-based Sound Effects for Interactive Simulation and Animation}",
  booktitle = "{Proc. ACM SIGGRAPH 2001}",
  address = "Los Angeles, USA",
  year = 2001
}

@inproceedings{Miner97,
  author = "Nadine E. Miner and Thomas P. Caudell",
  title = "{Using Wavelets to Synthesize Stochastic-based Sounds for Immersive Virtual Environments}",
  booktitle = "{Proc. International Conference on Auditory Display (ICAD-97)}",
  year = 1997
}

@article{Rocchesso03,
  author = "Davide Rocchesso and Roberto Bresin and Mikael Fernström",
  title = "{Sounding Objects}",
  journal = "IEEE Multimedia",
  volume = 10,
  number = 2,
  publisher = "IEEE Computer Society Press",
  year = 2003
}

@article{Dubnov02,
  author = "Shlomo Dubnov and Ziv Bar-Joseph and Ran El-Yaniv and Dani Lischinski and Michael Werman",
  title = "{Synthesizing Sound Textures through Wavelet Tree Learning}",
  journal = "IEEE Computer Graphics and Applications",
  volume = 22,
  number = 4,
  publisher = "IEEE Computer Society Press",
  year = 2002
}

@book{CookBook,
  author = "Perry R. Cook",
  title = "{Real Sound Synthesis for Interactive Applications}",
  year = 2002,
  publisher = "A. K. Peters",
}

@book{Bregman90,
  author = "Albert S. Bregman",
  title = "{Auditory Scene Analysis: The Perceptual Organization of Sound}",
  year = 1990,
  publisher = "The MIT Press"
}

@phdthesis{Serra89,
  author = "Xavier Serra",
  title = "{A System for Sound Analysis / Transformation / Synthesis based on a Deterministic plus Stochastic Decomposition}",
  school = "Stanford University",
  year = 1989
}

@article{Bello05,
  author = "Juan Pablo Bello and Laurent Daudet and Samer Abdallah and Chris Duxbury and Mike Davies and Mark B. Sandler",
  title = "{A Tutorial on Onset Detection in Music Signals}",
  journal = "IEEE Transactions on Speech and Audio Processing",
  volume = 13,
  number = 5,
  year = 2005
}

@inproceedings{Verma98,
  author = "Tony S Verma and Teresa H Meng",
  title = "{An Analysis/Synthesis Tool for Transient Signals that Allows a Flexible Sines+Transients+Noise Model for Audio}",
  booktitle = "{Proc. IEEE International Conference on Acoustics, Speech, and Signal Processing (ICASSP-98)}",
  pages = "12--15",
  year = 1998
}

@inproceedings{Melih00,
  author = "Kathy Melih and Ruben Gonzalez",
  title = "{Source Segmentation for Structured Audio}",
  booktitle = "{Proc. IEEE International Conference on Multimedia and Expo (II)}",
  pages = "811--814",
  year = 2000
}

@inproceedings{Ellis94,
  author = "Daniel P. W. Ellis",
  title = "{A Computer Implementation of Psychoacoustic Grouping Rules}",
  booktitle = "{Proc. 12th International Conference on Pattern Recognition}",
  year = 1994
}