@article{Dubnov02,
  author = "Shlomo Dubnov and Ziv Bar-Joseph and Ran El-Yaniv and Dani Lischinski and Michael Werman",
  title = "Synthesizing Sound Textures through Wavelet Tree Learning",
  journal = "IEEE Computer Graphics and Applications",
  volume = 22,
  number = 4,
  publisher = "IEEE Computer Society Press",
  year = 2002
}

@phdthesis{Serra89,
  author = "Xavier Serra",
  title = "A System for Sound Analysis / Transformation / Synthesis based on a Deterministic plus Stochastic Decomposition",
  school = "Stanford University",
  year = 1989
}

